<?xml version="1.0" encoding="UTF-8"?><collection xmlns="http://www.loc.gov/MARC21/slim"><record><leader>00474nam--2200169-i-4500</leader><controlfield tag="001">000035590</controlfield><controlfield tag="002">20161230</controlfield><controlfield tag="005">20161230201040</controlfield><controlfield tag="008">060222s1000------------r-----000-0-eng-d</controlfield><datafield ind1=" " ind2=" " tag="040"><subfield code="a">IFIN-HH</subfield></datafield><datafield ind1="1" ind2=" " tag="100"><subfield code="a">Wilhelmsson, Hans</subfield></datafield><datafield ind1="1" ind2="0" tag="245"><subfield code="a">Plasma physics:</subfield><subfield code="b">Nonlinear theory and experiments</subfield><subfield code="c">HANS WILHELMSSON (Ed.)</subfield></datafield><datafield ind1=" " ind2=" " tag="260"><subfield code="a">New York, Plenum Press, 1977</subfield></datafield><datafield ind1=" " ind2=" " tag="300"><subfield code="a">513 P</subfield></datafield><datafield ind1=" " ind2=" " tag="490"><subfield code="a">Nobel Foundation Symposium</subfield></datafield><datafield ind1=" " ind2=" " tag="852"><subfield code="a">45954</subfield><subfield code="c">533.9</subfield></datafield><datafield ind1=" " ind2=" " tag="CAT"><subfield code="a">Sys</subfield><subfield code="c">20100928</subfield><subfield code="h">143545</subfield></datafield></record></collection>